@article{becht2019dimensionality,
  title={Dimensionality reduction for visualizing single-cell data using {UMAP}},
  author={Becht, Etienne and McInnes, Leland and Healy, John and Dutertre, Charles-Antoine and Kwok, Immanuel WH and Ng, Lai Guan and Ginhoux, Florent and Newell, Evan W},
  journal={Nature Biotechnology},
  volume={37},
  number={1},
  pages={38},
  year={2019},
  publisher={Nature Publishing Group}
}

@article{maaten2008visualizing,
  title={Visualizing data using {t-SNE}},
  author={van der Maaten, Laurens and Hinton, Geoffrey},
  journal={Journal of Machine Learning Research},
  volume={9},
  number={Nov},
  pages={2579--2605},
  year={2008}
}

@article{maaten2014accelerating,
  title={Accelerating {t-SNE} using tree-based algorithms},
  author={van der Maaten, Laurens},
  journal={The Journal of Machine Learning Research},
  volume={15},
  number={1},
  pages={3221--3245},
  year={2014},
  publisher={JMLR. org}
}

@inproceedings{yang2014optimization,
  title={Optimization equivalence of divergences improves neighbor embedding},
  author={Yang, Zhirong and Peltonen, Jaakko and Kaski, Samuel},
  booktitle={International Conference on Machine Learning},
  pages={460--468},
  year={2014}
}

@inproceedings{yang2013scalable,
  title={Scalable optimization of neighbor embedding for visualization},
  author={Yang, Zhirong and Peltonen, Jaakko and Kaski, Samuel},
  booktitle={International Conference on Machine Learning},
  pages={127--135},
  year={2013}
}

@inproceedings{tang2016visualizing,
  title={Visualizing large-scale and high-dimensional data},
  author={Tang, Jian and Liu, Jingzhou and Zhang, Ming and Mei, Qiaozhu},
  booktitle={International Conference on World Wide Web},
  pages={287--297},
  year={2016}
}

@article{jacomy2014forceatlas2,
  title={{ForceAtlas2}, a continuous graph layout algorithm for handy network visualization designed for the {G}ephi software},
  author={Jacomy, Mathieu and Venturini, Tommaso and Heymann, Sebastien and Bastian, Mathieu},
  journal={PloS One},
  volume={9},
  number={6},
  year={2014},
  publisher={Public Library of Science}
}

@article{noack2007energy,
   author = {Noack, Andreas},
   title = {Energy Models for Graph Clustering},
   journal = {Journal of Graph Algorithms and Applications},
   year = {2007},
   volume = {11},
   number = {2},
   pages = {453--480}
}

@article{noack2009modularity,
  title={Modularity clustering is force-directed layout},
  author={Noack, Andreas},
  journal={Physical Review E},
  volume={79},
  number={2},
  pages={026102},
  year={2009},
  publisher={APS}
}

@article{weinreb2018spring,
  title={{SPRING}: a kinetic interface for visualizing high dimensional single-cell expression data},
  author={Weinreb, Caleb and Wolock, Samuel and Klein, Allon M},
  journal={Bioinformatics},
  volume={34},
  number={7},
  pages={1246--1248},
  year={2018},
  publisher={Oxford University Press}
}



@inproceedings{hinton2003stochastic,
  title={Stochastic neighbor embedding},
  author={Hinton, Geoffrey E and Roweis, Sam T},
  booktitle={Advances in Neural Information Processing Systems},
  pages={857--864},
  year={2003}
}

@article{mcinnes2018umap,
  title={{UMAP}: {U}niform manifold approximation and projection for dimension reduction},
  author={McInnes, Leland and Healy, John and Melville, James},
  journal={arXiv:1802.03426},
  year={2018}
}

@article{kobak2018art,
  title={The art of using {t-SNE} for single-cell transcriptomics},
  author={Kobak, Dmitry and Berens, Philipp},
  journal={Nature Communications},
  volume={10},
  pages={5416},
  year={2019},
}

@article{policar2019opentsne,
  title={{openTSNE}: a modular {P}ython library for {t-SNE} dimensionality reduction and embedding},
  author={Policar, Pavlin Gregor and Strazar, Martin and Zupan, Blaz},
  journal={bioRxiv:731877},
  year={2019},
  publisher={Cold Spring Harbor Laboratory}
}

@inproceedings{belkin2002laplacian,
  title={Laplacian eigenmaps and spectral techniques for embedding and clustering},
  author={Belkin, Mikhail and Niyogi, Partha},
  booktitle={Advances in Neural Information Processing Systems},
  pages={585--591},
  year={2002}
}

@article{linderman2019fast,
  title={Fast interpolation-based t-{SNE} for improved visualization of single-cell {RNA}-seq data},
  author={Linderman, George C and Rachh, Manas and Hoskins, Jeremy G and Steinerberger, Stefan and Kluger, Yuval},
  journal={Nature Methods},
  volume={16},
  number={3},
  pages={243},
  year={2019},
  publisher={Nature Publishing Group}
}


@article{coifman2006diffusion,
  title={Diffusion maps},
  author={Coifman, Ronald R and Lafon, St{\'e}phane},
  journal={Applied and Computational Harmonic Analysis},
  volume={21},
  number={1},
  pages={5--30},
  year={2006},
  publisher={Elsevier}
}

@article{kanton2019organoid,
  title={Organoid single-cell genomic atlas uncovers human-specific features of brain development},
  author={Kanton, Sabina and Boyle, Michael James and He, Zhisong and Santel, Malgorzata and Weigert, Anne and Sanch{\'\i}s-Calleja, F{\'a}tima and Guijarro, Patricia and Sidow, Leila and Fleck, Jonas Simon and Han, Dingding and others},
  journal={Nature},
  volume={574},
  number={7778},
  pages={418--422},
  year={2019},
  publisher={Nature Publishing Group}
}

@article{weinreb2020lineage,
  title={Lineage tracing on transcriptional landscapes links state to fate during differentiation},
  author={Weinreb, Caleb and Rodriguez-Fraticelli, Alejo and Camargo, Fernando D and Klein, Allon M},
  journal={Science},
  volume={367},
  number={6479},
  year={2020},
  publisher={American Association for the Advancement of Science}
}

@article{tusi2018population,
  title={Population snapshots predict early haematopoietic and erythroid hierarchies},
  author={Tusi, Betsabeh Khoramian and Wolock, Samuel L and Weinreb, Caleb and Hwang, Yung and Hidalgo, Daniel and Zilionis, Rapolas and Waisman, Ari and Huh, Jun R and Klein, Allon M and Socolovsky, Merav},
  journal={Nature},
  volume={555},
  number={7694},
  pages={54--60},
  year={2018},
  publisher={Nature Publishing Group}
}

@article{wagner2018single,
  title={Single-cell mapping of gene expression landscapes and lineage in the zebrafish embryo},
  author={Wagner, Daniel E and Weinreb, Caleb and Collins, Zach M and Briggs, James A and Megason, Sean G and Klein, Allon M},
  journal={Science},
  volume={360},
  number={6392},
  pages={981--987},
  year={2018},
  publisher={American Association for the Advancement of Science}
}

@article{sharma2020emergence,
  title={The emergence of transcriptional identity in somatosensory neurons},
  author={Sharma, Nikhil and Flaherty, Kali and Lezgiyeva, Karina and Wagner, Daniel E and Klein, Allon M and Ginty, David D},
  journal={Nature},
  pages={1--7},
  year={2020},
  publisher={Nature Publishing Group}
}

@article{kobak2019umap,
  title={{UMAP} does not preserve global structure any better than {t-SNE} when using the same initialization},
  author={Kobak, Dmitry and Linderman, George C},
  journal={bioRxiv},
  year={2019},
  publisher={Cold Spring Harbor Laboratory}
}

@inproceedings{carreira2010elastic,
  title={The Elastic Embedding Algorithm for Dimensionality Reduction.},
  author={Carreira-Perpin{\'a}n, Miguel A},
  booktitle={International Conference on Machine Learning},
  volume={10},
  pages={167--174},
  year={2010}
}

@article{linderman2019clustering,
  title={Clustering with {t-SNE}, provably},
  author={Linderman, George C and Steinerberger, Stefan},
  journal={SIAM Journal on Mathematics of Data Science},
  volume={1},
  number={2},
  pages={313--332},
  year={2019},
  publisher={SIAM}
}

@article{belkina2019automated,
  title={Automated optimized parameters for {T}-distributed stochastic neighbor embedding improve visualization and analysis of large datasets},
  author={Belkina, Anna C and Ciccolella, Christopher O and Anno, Rina and Halpert, Richard and Spidlen, Josef and Snyder-Cappione, Jennifer E},
  journal={Nature Communications},
  volume={10},
  number={1},
  pages={1--12},
  year={2019},
  publisher={Nature Publishing Group UK}
}

@article{pedregosa2011scikit,
  title={Scikit-learn: {M}achine learning in {P}ython},
  author={Pedregosa, Fabian and Varoquaux, Ga{\"e}l and Gramfort, Alexandre and Michel, Vincent and Thirion, Bertrand and Grisel, Olivier and Blondel, Mathieu and Prettenhofer, Peter and Weiss, Ron and Dubourg, Vincent and others},
  journal={The Journal of Machine Learning Research},
  volume={12},
  pages={2825--2830},
  year={2011},
  publisher={JMLR. org}
}

@misc{annoy,
  author = {Bernhardsson, Erik},
  title = {Annoy},
  year = {2013},
  journal = {GitHub},
  howpublished = {\url{https://github.com/spotify/annoy}}
}

@article{szekely2009brownian,
  title={Brownian distance covariance},
  author={Sz{\'e}kely, G{\'a}bor J and Rizzo, Maria L},
  journal={The Annals of Applied Statistics},
  pages={1236--1265},
  year={2009},
  publisher={JSTOR}
}

@article{szekely2007measuring,
author = {Szekely, Gabor and Rizzo, Maria and Bakirov, Nail},
year = {2007},
pages = {2769--2794},
title = {Measuring and Testing Dependence by Correlation of Distances},
volume = {35},
journal = {The Annals of Statistics},
}

@article{chaudhuri2018fastdistcorr,
  title={A fast algorithm for computing distance correlation},
  author={Arin Chaudhuri and Wenhao Hu},
  journal={Computational Statistics and Data Analysis},
  year={2018},
  volume={135},
  pages={15--24}
}

@inproceedings{artemenkov2020ncvis,
  title={{NCVis}: Noise Contrastive Approach for Scalable Visualization},
  author={Artemenkov, Aleksandr and Panov, Maxim},
  booktitle={The Web Conference},
  pages={2941--2947},
  year={2020}
}

@article{gutmann12nce,
  author  = {Michael U. Gutmann and Aapo Hyv{{\"a}}rinen},
  title   = {Noise-Contrastive Estimation of Unnormalized Statistical Models, with Applications to Natural Image Statistics},
  journal = {Journal of Machine Learning Research},
  year    = {2012},
  volume  = {13},
  number  = {11},
  pages   = {307-361},
}

@misc{dcor,
  author = {Carlos Ramos Carre{\~n}o},
  title = {dcor: distance correlation and related {E}-statistics in {P}ython},
  year = {2017},
  journal = {GitHub},
  howpublished = {\url{https://github.com/vnmabus/dcor}}
}

@misc{fa2,
  author = {Bhargav Chippada},
  title = {forceatlas2: Fastest {G}ephi's {ForceAtlas2} graph layout algorithm implemented for {P}ython and {NetworkX}},
  year = {2017},
  journal = {GitHub},
  howpublished = {\url{https://github.com/bhargavchippada/forceatlas2}}
}

@inproceedings{kobak2019heavy,
  title={Heavy-tailed kernels reveal a finer cluster structure in {t-SNE} visualisations},
  author={Kobak, Dmitry and Linderman, George and Steinerberger, Stefan and Kluger, Yuval and Berens, Philipp},
  booktitle="Machine Learning and Knowledge Discovery in Databases",
  year="2020",
  publisher="Springer International Publishing",
  pages="124--139"
}

@article{moon2019visualizing,
  title={Visualizing structure and transitions in high-dimensional biological data},
  author={Moon, Kevin R and van Dijk, David and Wang, Zheng and Gigante, Scott and Burkhardt, Daniel B and Chen, William S and Yim, Kristina and van den Elzen, Antonia and Hirn, Matthew J and Coifman, Ronald R and others},
  journal={Nature Biotechnology},
  volume={37},
  number={12},
  pages={1482--1492},
  year={2019},
  publisher={Nature Publishing Group}
}

@inproceedings{mikolov2013distributed,
  title={Distributed representations of words and phrases and their compositionality},
  author={Mikolov, Tomas and Sutskever, Ilya and Chen, Kai and Corrado, Greg S and Dean, Jeff},
  booktitle={Advances in Neural Information Processing Systems},
  pages={3111--3119},
  year={2013}
}

@inproceedings{yang2009heavy,
  title={Heavy-tailed symmetric stochastic neighbor embedding},
  author={Yang, Zhirong and King, Irwin and Xu, Zenglin and Oja, Erkki},
  booktitle={Advances in Neural Information Processing Systems},
  pages={2169--2177},
  year={2009}
}

@article{karczewski2020mutational,
  title={The mutational constraint spectrum quantified from variation in 141,456 humans},
  author={Karczewski, Konrad J and Francioli, Laurent C and Tiao, Grace and Cummings, Beryl B and Alf{\"o}ldi, Jessica and Wang, Qingbo and Collins, Ryan L and Laricchia, Kristen M and Ganna, Andrea and Birnbaum, Daniel P and others},
  journal={Nature},
  volume={581},
  pages={434--443},
  year={2020},
  publisher={Cold Spring Harbor Laboratory}
}

@misc{smallvis,
  author = {James Melville},
  title = {smallvis: {R} package for dimensionality reduction of small datasets},
  year = {2017},
  journal = {GitHub},
  howpublished = {\url{https://jlmelville.github.io/smallvis/}}
}

@article{luxburg2008consistency,
  title={Consistency of spectral clustering},
  author={Von Luxburg, Ulrike and Belkin, Mikhail and Bousquet, Olivier},
  journal={The Annals of Statistics},
  pages={555--586},
  year={2008},
  publisher={JSTOR}
}

@article {siebert19hydra,
	author = {Siebert, Stefan and Farrell, Jeffrey A. and Cazet, Jack F. and Abeykoon, Yashodara and Primack, Abby S. and Schnitzler, Christine E. and Juliano, Celina E.},
	title = {Stem cell differentiation trajectories in Hydra resolved at single-cell resolution},
	volume = {365},
	number = {6451},
	elocation-id = {eaav9314},
	year = {2019},
	publisher = {American Association for the Advancement of Science},
	journal = {Science}
}

@article{prabhu2019kannada,
  title={Kannada-MNIST: A new handwritten digits dataset for the Kannada language},
  author={Prabhu, Vinay Uday},
  journal={arXiv preprint arXiv:1908.01242},
  year={2019}
}

@article{clanuwat2018kuzmnist,
  author       = {Tarin Clanuwat and Mikel Bober-Irizar and Asanobu Kitamoto and Alex Lamb and Kazuaki Yamamoto and David Ha},
  title        = {Deep Learning for Classical Japanese Literature},
  year         = {2018},
  journal={arXiv preprint arXiv:1812.01718}
}

@article {wagner2018zfish,
	author = {Wagner, Daniel E. and Weinreb, Caleb and Collins, Zach M. and Briggs, James A. and Megason, Sean G. and Klein, Allon M.},
	title = {Single-cell mapping of gene expression landscapes and lineage in the zebrafish embryo},
	volume = {360},
	number = {6392},
	pages = {981--987},
	year = {2018},
	publisher = {American Association for the Advancement of Science},
	issn = {0036-8075},
journal = {Science}
}

@article{tasic2018shared,
  title={Shared and distinct transcriptomic cell types across neocortical areas},
  author={Tasic, Bosiljka and Yao, Zizhen and Graybuck, Lucas T and Smith, Kimberly A and Nguyen, Thuc Nghi and Bertagnolli, Darren and Goldy, Jeff and Garren, Emma and Economo, Michael N and Viswanathan, Sarada and others},
  journal={Nature},
  volume={563},
  number={7729},
  pages={72--78},
  year={2018},
  publisher={Nature Publishing Group}
}

@article{xiao2017fashion,
  author       = {Han Xiao and Kashif Rasul and Roland Vollgraf},
  title        = {Fashion-MNIST: a Novel Image Dataset for Benchmarking Machine Learning Algorithms},
  year         = {2017},
  journal       = {arXiv preprint arXiv:1708.07747},
}

@article{saul2020tractable,
  title={A tractable latent variable model for nonlinear dimensionality reduction},
  author={Saul, Lawrence K},
  journal={Proceedings of the National Academy of Sciences},
  volume={117},
  number={27},
  pages={15403--15408},
  year={2020},
  publisher={National Acad Sciences}
}

@book{hastie2009elements,
    author={Trevor Hastie and Robert Tibshirani and Jerome Friedman},
    title={The Elements of Statistical Learning -- Data Mining, Inference, and Prediction},
    year={2009},
    edition=2,
    publisher={Springer},
}
